<?xml version="1.0" encoding="UTF-8"?><record xmlns="http://www.loc.gov/MARC21/slim" xmlns:cinclude="http://apache.org/cocoon/include/1.0" xmlns:zs="http://www.loc.gov/zing/srw/">
  <leader>00402nz  a2200121n  4500</leader>
  <controlfield tag="001">n  95094134 </controlfield>
  <controlfield tag="003">DLC</controlfield>
  <controlfield tag="005">19950922124125.5</controlfield>
  <controlfield tag="008">950922n| acannaab|          |n aaa |||  </controlfield>
  <datafield tag="010" ind1=" " ind2=" ">
    <subfield code="a">n  95094134 </subfield>
  </datafield>
  <datafield tag="040" ind1=" " ind2=" ">
    <subfield code="a">DLC</subfield>
    <subfield code="c">DLC</subfield>
  </datafield>
  <datafield tag="100" ind1="1" ind2="0">
    <subfield code="a">Padmanabhan, Mukund,</subfield>
    <subfield code="d">1965-</subfield>
  </datafield>
  <datafield tag="670" ind1=" " ind2=" ">
    <subfield code="a">His Feedback-based orthogonal digital filters, c1996:</subfield>
    <subfield code="b">CIP t.p. (Mukund Padmanabhan, IBM T.J. Watson Res. Center) data sheet (b. 08/31/65)</subfield>
  </datafield>
</record>